<record xmlns='http://www.loc.gov/MARC21/slim'
><leader
  >02145ntm a2200313Ii 4500</leader
  ><controlfield tag='001'
  >991058310285406011</controlfield
  ><controlfield tag='005'
  >20220527141430.0</controlfield
  ><controlfield tag='008'
  >220525q16001699it            000 0 eng d</controlfield
  ><datafield ind1=' ' ind2=' ' tag='035'
  ><subfield code='a'
    >(OCoLC)1319892416h</subfield
    ></datafield
  ><datafield ind1=' ' ind2=' ' tag='035'
  ><subfield code='a'
    >(OCoLC)on1319892416h</subfield
    ></datafield
  ><datafield ind1=' ' ind2=' ' tag='040'
  ><subfield code='a'
    >HRH</subfield
    ><subfield code='b'
    >eng</subfield
    ><subfield code='e'
    >dcrmmss</subfield
    ><subfield code='c'
    >HRH</subfield
    ></datafield
  ><datafield ind1=' ' ind2=' ' tag='041'
  ><subfield code='a'
    >ita</subfield
    ></datafield
  ><datafield ind1=' ' ind2=' ' tag='049'
  ><subfield code='a'
    >HRHH</subfield
    ></datafield
  ><datafield ind1=' ' ind2='9' tag='099'
  ><subfield code='a'
    >MS 3327, Container 100</subfield
    ></datafield
  ><datafield ind1='0' ind2='0' tag='245'
  ><subfield code='a'
    >Texts on Italian history :</subfield
    ><subfield code='k'
    >manuscript.</subfield
    ></datafield
  ><datafield ind1=' ' ind2=' ' tag='260'
  ><subfield code='a'
    >Italy ;</subfield
    ><subfield code='c'
    >17th century.</subfield
    ></datafield
  ><datafield ind1=' ' ind2=' ' tag='300'
  ><subfield code='a'
    >150 leaves :</subfield
    ><subfield code='b'
    >paper,</subfield
    ><subfield code='c'
    >21 x 15 cm</subfield
    ></datafield
  ><datafield ind1=' ' ind2=' ' tag='336'
  ><subfield code='a'
    >text</subfield
    ><subfield code='b'
    >txt</subfield
    ><subfield code='2'
    >rdacontent</subfield
    ></datafield
  ><datafield ind1=' ' ind2=' ' tag='337'
  ><subfield code='a'
    >unmediated</subfield
    ><subfield code='b'
    >n</subfield
    ><subfield code='2'
    >rdamedia</subfield
    ></datafield
  ><datafield ind1=' ' ind2=' ' tag='338'
  ><subfield code='a'
    >volume</subfield
    ><subfield code='b'
    >nc</subfield
    ><subfield code='2'
    >rdacarrier</subfield
    ></datafield
  ><datafield ind1=' ' ind2=' ' tag='506'
  ><subfield code='a'
    >Use: Unrestricted, for either reading room or classroom use</subfield
    ></datafield
  ><datafield ind1=' ' ind2=' ' tag='520'
  ><subfield code='a'
    >Contents include: 1. fol. 1r-19r: Due discorsi che manca nel 3 et 4 libro dell&apos; historia d&apos;Italia di Messer Francesco Guicciardini Gentilhuomo Fiorentino, concerns the origin of the temporal power of the Church and Pope Alexander VI. Guicciardini&apos;s Historia d&apos;Italia was not printed until the 1560s;2. fol. 22r-150v: Guerre d&apos;Italia, concerns events from 1616-1617, followed by an index (fol. 134r-150v).</subfield
    ></datafield
  ><datafield ind1=' ' ind2=' ' tag='590'
  ><subfield code='a'
    >MS 3327, Container 100: Binding (Continental, late 17th/ early 18th c): Full calfskin parchment over paper boards. Reverse caps, fore edge cover extensions, cut before sewing; no cover decoration, no title. Natural hollow over four sewing supports adhered to inside of boards; sewing not visible. Sewn endbands (off-white/green) on parchment cores laced through outer joints. Endleaf components: front sewn off-white handmade laid paper fold, two hooked leaves marbled paper, nested, making stub, marbled paper pastedown, two free endleaves; back same. No. 108 in an Italian catalog; no. 352 in an unidentified English catalog; bookplate of the Rev. Walter Sneyd (1809-1888) of Cheverels, Hertfordshire, on the front pastedown.</subfield
    ></datafield
  ><datafield ind1='1' ind2=' ' tag='790'
  ><subfield code='a'
    >Sneyd, Walter, 1809-1888,</subfield
    ><subfield code='e'
    >former owner.</subfield
    ></datafield
  ><datafield ind1='2' ind2=' ' tag='791'
  ><subfield code='a'
    >Medieval and Early Modern Manuscripts Collection.</subfield
    ></datafield
  ><datafield ind1=' ' ind2=' ' tag='752'
  ><subfield code='a'
    >Italy,</subfield
    ><subfield code='e'
    >producation place.</subfield
    ></datafield
  ><datafield ind1='1' ind2=' ' tag='979'
  ><subfield code='a'
    >Sneyd, Walter, 1809-1888,</subfield
    ><subfield code='e'
    >former owner.</subfield
    ></datafield
  ><datafield ind1='2' ind2=' ' tag='979'
  ><subfield code='a'
    >Medieval and Early Modern Manuscripts Collection.</subfield
    ></datafield
  ><datafield ind1=' ' ind2=' ' tag='994'
  ><subfield code='a'
    >C0</subfield
    ><subfield code='b'
    >HRH</subfield
    ></datafield
  ></record
>